---
---


@article{nordmeyer2019proc,
  title={Distinguishing processing difficulties in inhibition, implicature, and negation},
  author={Nordmeyer, Ann and Yoon, Erica J and MacDonald, Kyle and Frank, Michael C},
  year={in prep},
  code={https://github.com/ejyoon/neginhib}
}

@article{macdonald2019moos,
  title={M-o-o-s as cues: Young children map novel animal vocalizations to unfamiliar animals},
  author={MacDonald, Kyle and Bion, Ricardo and Fernald, Anne},
  year={in prep},
  code={https://github.com/kemacdonald/Anime}
}

@article{hardwicke2019carps,
  title={An assessment of analytic reproducibility for articles with open data badges at the journal Psychological Science},
  author={Hardwicke, T. E and Bohn, M and MacDonald, K and Hembacher, E and Nuijten, M. B and Peloquin, B. N and deMayo, B and Long, B and Yoon, E. J and Frank, M. C},
  year={in prep},
  osf={https://osf.io/2cnkq/}
}

@article{macdonald2018children,
  title={Children flexibly seek visual information during signed and spoken language comprehension},
  author={MacDonald, Kyle and Marchman, Virginia A and Fernald, Anne and Frank, Michael C},
  year={under review},
  psyarxiv={2r95b},
  code={https://github.com/kemacdonald/speed-acc}
}

@article{macdonald2017social,
  title={Social cues modulate the representations underlying cross-situational learning},
  author={MacDonald, Kyle and Yurovsky, Daniel and Frank, Michael C},
  journal={Cognitive Psychology},
  volume={94},
  pages={67--84},
  year={2017},
  publisher={Elsevier},
  osf={https://osf.io/f4hp7/},
  code={https://github.com/kemacdonald/soc_xsit},
  html={https://kemacdonald.github.io/soc_xsit/},
  html_name={paper site}
}

@article{macdonald2013my,
  title={My people, right or wrong? Minimal group membership disrupts preschoolersâ€™ selective trust},
  author={MacDonald, Kyle and Schug, Mariah and Chase, Elizabeth and Barth, Hilary},
  journal={Cognitive Development},
  volume={28},
  number={3},
  pages={247--259},
  year={2013},
  publisher={Elsevier}
}

@inproceedings{macdonald2018noise,
  title={Adults and preschoolers seek visual information to support language comprehension in noisy environments},
  author={MacDonald, Kyle and Marchman, Virginia and Fernald, Anne and Frank, Michael C},
  booktitle={Proceedings of the 40th Annual Conference of the Cognitive Science Society},
  year={2018}
}

@article{barth2014preschoolers,
  title={Preschoolers trust novel members of accurate speakers' groups and judge them favourably},
  author={Barth, Hilary and Bhandari, Keera and Garcia, Jennifer and MacDonald, Kyle and Chase, Elizabeth},
  journal={The Quarterly Journal of Experimental Psychology},
  volume={67},
  number={5},
  pages={872--883},
  year={2014},
  publisher={Routledge}
}

@inproceedings{macdonald2015referential,
  title={Referential cues modulate attention and memory during cross-situational word learning.},
  author={MacDonald, Kyle and Yurovsky, Daniel and Frank, Michael C},
  booktitle={Proceedings of the 37th Annual Meeting of the Cognitive Science Society},
  year={2015}
}

@inproceedings{macdonald2016does,
  title={When does passive learning improve the effectiveness of active learning?},
  author={MacDonald, Kyle and Frank, Michael C},
  booktitle={Proceedings of the 38th Annual Meeting of the Cognitive Science Society},
  year={2016}
}

@inproceedings{frank2016performance,
  title={A performance model for early word learning.},
  author={Frank, Michael C and Lewis, Molly and MacDonald, Kyle},
  booktitle={Proceedings of the 38th Annual Meeting of the Cognitive Science Society},
  year={2016}
}

@article{macdonald2018real,
  title={Real-time lexical comprehension in young children learning American Sign Language},
  author={MacDonald, Kyle and LaMarr, Todd and Corina, David and Marchman, Virginia A and Fernald, Anne},
  journal={Developmental science},
  volume={21},
  number={6},
  pages={e12672},
  year={2018}
}

@inproceedings{macdonald2017information,
  title={An information-seeking account of eye movements during spoken and signed language comprehension},
  author={MacDonald, Kyle and Blonder, Aviva and Marchman, A. Virginia and Fernald, Anne and Frank, C. Michael},
  booktitle={Proceedings of the 39th Annual Conference of the Cognitive Science Society},
  year={2017}
}

@inproceedings{yoon2018balancing,
  title={Balancing informational and social goals in active learning.},
  author={Yoon, Erica J and MacDonald, Kyle and Asaba, Mika and Gweon, Hyowon and Frank, Michael C},
  booktitle={Proceedings of the 40th Annual Meeting of the Cognitive Science Society},
  year={2018}
}

@article{hardwicke2018data,
  title={Data availability, reusability, and analytic reproducibility: Evaluating the impact of a mandatory open data policy at the journal Cognition},
  author={Hardwicke, Tom E and Mathur, Maya B and MacDonald, Kyle and Nilsonne, Gustav and Banks, George C and Kidwell, Mallory C and Hofelich Mohr, Alicia and Clayton, Elizabeth and Yoon, Erica J and Henry Tessler, Michael and Lenne, Richie and Altman, Sara and Long, Bria and Frank, Michael C},
  journal={Royal Society open science},
  volume={5},
  number={8},
  pages={180448},
  year={2018},
  publisher={The Royal Society}
}

@article{sanchez2019childes,
  title={childes-db: a flexible and reproducible interface to the Child Language Data Exchange System},
  author={Sanchez, Alessandro and Meylan, Stephan C and Braginsky, Mika and MacDonald, Kyle E and Yurovsky, Daniel and Frank, Michael C},
  journal={Behavior research methods},
  volume={51},
  number={4},
  pages={1928--1941},
  year={2019},
  publisher={Springer US}
}

@inproceedings{macdonald2019integration,
  title={Integration of gaze information during online language comprehension and learning},
  author={MacDonald, Kyle and Swanson, Elizabeth and Frank, Michael C},
  year={2019},
  booktitle={Proceedings of the 41th Annual Meeting of the Cognitive Science Society.}
}