@misc{comm121guest2019,
    title = {Guest lecturer, COMM 121 (Sign Language Acquisition), UCLA},
    year = {2019},
    misc1 = {ling140_sign_language.pdf},
    misc1_name = {slides}
}

@misc{ling140guest2018,
    title = {Guest lecturer, LING 140 (Sign Language Acquisition), Stanford University},
    year = {2018},
    misc1 = {ling140_sign_language.pdf},
    misc1_name = {slides},
    html = {https://docs.google.com/document/d/1qddjlZ_PtrekVcDVnOiV7eAZy1Q8lIiVRUMzdzajdwA/edit#heading=h.q6ngqauh3jos},
    html_name = {reading list}
}

@misc{causal2017,
    title = {Tutorial on the potential pitfalls of causal inference in experimental designs, LangCog Lab Meeting, Stanford University},
    year = {2017},
    html = {https://docs.google.com/document/d/1orng7HJjfXuDJIc9JcPHTX8dIhmbju_DBz1Yo8HN1p0/edit},
    html_name = {tutorial} 
}

@misc{bayeslmm2017,
    title = {Tutorial on Bayesian Linear Mixed Models, LangCog Lab Meeting, Stanford University},
    year = {2017},
    misc1 = {langcog_rstanarm_tutorial_sleep.nb.html},
    misc1_name = {tutorial} 
}

@misc{psychone2015,
    title = {Teaching Fellow, Introduction to Psychology, Stanford University},
    year = {2015},
    misc1 = {S15_MidQuarter_Kyle_psych1_eval.pdf},
    misc1_name = {evaluation} 
}

@misc{psychone2014,
    title = {Teaching Fellow, Introduction to Psychology, Stanford University},
    year = {2014},
    misc1 = {F14_Kyle_psych1_eval.pdf},
    misc1_name = {evaluation}
}

@misc{psych602016,
    title = {Teaching Assistant, Introduction to Developmental Psychology, Stanford University},
    year = {2016},
    html = {https://www.youtube.com/watch?v=qiAXlHyGu_Y&index=3&t=26s&list=PL8OT0lrhVRGj74yjkHKd8MZkN7PhswyGB},
    html_name = {learning from play screencast}
}

@misc{psych602015,
    title = {Teaching Assistant, Introduction to Developmental Psychology, Stanford University},
    year = {2015},
    html = {https://www.youtube.com/watch?v=x1oJA7dRi_k&list=PL8OT0lrhVRGj74yjkHKd8MZkN7PhswyGB&index=6},
    html_name = {theory of mind screencast}
}

@misc{psych45,
    title = {Teaching Assistant, Introduction to Learning and Memory, Stanford University},
    year = {2014}
}

@misc{psych10,
    title = {Head Teaching Assistant, Introduction to Statistical Methods, Stanford University},
    year = {2017},
    misc1 = {P10_section_week9_viz_students.html},
    misc1_name = {data visualization tutorial},
    misc2 = {STATS60_kylem4_evals.pdf},
    misc2_name = {evaluation} 
}

@misc{psych113s,
    title = {Instructor for Psych 113s: Introduction to Developmental Psychology, Stanford University},
    year = {2016},
    html = {https://docs.google.com/document/d/10bQfqCTnCajovI9jnAuh-lIanXuYL7Hh14B5Zl4mWlE/edit},
    html_name = {course syllabus},
    html2 = {https://drive.google.com/drive/u/0/folders/0Byr7S8JB3psTLW03QktZYXNmbW8},
    html2_name = {slides},
}

@misc{psych1guest2018,
    title = {Guest lecturer, Psych One (Language), Stanford University},
    year = {2018},
    misc1 = {psych_one_language_f17.pdf},
    misc1_name = {slides}
}

@misc{psych1guest2017,
    title = {Guest lecturer, Psych One (Language), Stanford University},
    year = {2017},
    misc1 = {psych_one_language_f17.pdf},
    misc1_name = {slides}
}
